@conference{tikir2006pmac,
  title={{PMaC Binary Instrumentation Library for PowerPC/AIX}},
  author={Tikir, M.M. and Laurenzano, M. and Carrington, L. and Snavely, A.},
  booktitle={Workshop on Binary Instrumentation and Applications},
  year={2006},
  organization={Citeseer}
}

@article{gao2005aliter,
  title={{ALITER: An asynchronous lightweight instrumentation tool for event recording}},
  author={Gao, X. and Simon, B. and Snavely, A.},
  journal={ACM SIGARCH Computer Architecture News},
  volume={33},
  number={5},
  pages={33--38},
  year={2005},
  publisher={ACM New York, NY, USA}
}

@conference{nethercote2007valgrind,
  title={{Valgrind: a framework for heavyweight dynamic binary instrumentation}},
  author={Nethercote, N. and Seward, J.},
  booktitle={Proceedings of the 2007 PLDI conference},
  volume={42},
  number={6},
  pages={89--100},
  year={2007},
  organization={ACM New York, NY, USA}
}

@conference{luk2005pin,
  title={{Pin: Building customized program analysis tools with dynamic instrumentation}},
  author={Luk, C.K. and Cohn, R. and Muth, R. and Patil, H. and Klauser, A. and Lowney, G. and Wallace, S. and Reddi, V.J. and Hazelwood, K.},
  booktitle={Proceedings of the 2005 ACM SIGPLAN conference on Programming language design and implementation},
  pages={190--200},
  year={2005},
  organization={ACM New York, NY, USA}
}

@conference{nanda2006bird,
  title={{BIRD: Binary interpretation using runtime disassembly}},
  author={Nanda, S. and Li, W. and Lam, L.C. and Chiueh, T.},
  booktitle={Proceedings of the International Symposium on Code Generation and Optimization},
  pages={358--370},
  year={2006},
  organization={IEEE Computer Society Washington, DC, USA}
}
