@conference{nethercote2007shadow,
  title={{How to shadow every byte of memory used by a program}},
  author={Nethercote, N. and Seward, J.},
  booktitle={Proceedings of the 3rd international conference on Virtual execution environments},
  pages={65--74},
  year={2007},
  organization={ACM New York, NY, USA}
}

@conference{srivastava1994atom,
  title={{ATOM: A system for building customized program analysis tools}},
  author={Srivastava, A. and Eustace, A.},
  booktitle={Proceedings of the ACM SIGPLAN 1994 conference on Programming language design and implementation},
  pages={196--205},
  year={1994},
  organization={ACM New York, NY, USA}
}

@article{standard1995executable,
  title={{Executable and Linking Format (ELF) Specification Version 1.2}},
  author={Standard, T.I.},
  journal={TIS Committee, May},
  year={1995}
}

@conference{tikir2002efficient,
  title={{Efficient instrumentation for code coverage testing}},
  author={Tikir, M.M. and Hollingsworth, J.K.},
  booktitle={Proceedings of the 2002 ACM SIGSOFT international symposium on Software testing and analysis},
  pages={86--96},
  year={2002},
  organization={ACM New York, NY, USA}
}

@article{carrington2006performance,
  title={{A performance prediction framework for scientific applications}},
  author={Carrington, L. and Snavely, A. and Wolter, N.},
  journal={Future Generation Computer Systems},
  volume={22},
  number={3},
  pages={336--346},
  year={2006},
  publisher={Elsevier}
}


@conference{snavely2001modeling,
  title={{Modeling application performance by convolving machine signatures with application profiles}},
  author={Snavely, A. and Wolter, N. and Carrington, L.},
  booktitle={IEEE Workshop on Workload Characterization},
  volume={2001},
  year={2001}
}


@phdthesis{bruening2004efficient,
  title={{Efficient, transparent, and comprehensive runtime code manipulation}},
  author={Bruening, D.L.},
  year={2004},
  school={Massachusetts Institute of Technology}
}


@article{buck2000api,
  title={{An API for runtime code patching}},
  author={Buck, B. and Hollingsworth, J.K.},
  journal={International Journal of High Performance Computing Applications},
  volume={14},
  number={4},
  pages={317},
  year={2000}
}

@conference{tikir2006pmac,
  title={{PMaC Binary Instrumentation Library for PowerPC/AIX}},
  author={Tikir, M.M. and Laurenzano, M. and Carrington, L. and Snavely, A.},
  booktitle={Workshop on Binary Instrumentation and Applications},
  year={2006},
  organization={Citeseer}
}

@article{gao2005aliter,
  title={{ALITER: An asynchronous lightweight instrumentation tool for event recording}},
  author={Gao, X. and Simon, B. and Snavely, A.},
  journal={ACM SIGARCH Computer Architecture News},
  volume={33},
  number={5},
  pages={33--38},
  year={2005},
  publisher={ACM New York, NY, USA}
}

@conference{nethercote2007valgrind,
  title={{Valgrind: a framework for heavyweight dynamic binary instrumentation}},
  author={Nethercote, N. and Seward, J.},
  booktitle={Proceedings of the 2007 PLDI conference},
  volume={42},
  number={6},
  pages={89--100},
  year={2007},
  organization={ACM New York, NY, USA}
}

@conference{luk2005pin,
  title={{Pin: Building customized program analysis tools with dynamic instrumentation}},
  author={Luk, C.K. and Cohn, R. and Muth, R. and Patil, H. and Klauser, A. and Lowney, G. and Wallace, S. and Reddi, V.J. and Hazelwood, K.},
  booktitle={Proceedings of the 2005 ACM SIGPLAN conference on Programming language design and implementation},
  pages={190--200},
  year={2005},
  organization={ACM New York, NY, USA}
}

@conference{nanda2006bird,
  title={{BIRD: Binary interpretation using runtime disassembly}},
  author={Nanda, S. and Li, W. and Lam, L.C. and Chiueh, T.},
  booktitle={Proceedings of the International Symposium on Code Generation and Optimization},
  pages={358--370},
  year={2006},
  organization={IEEE Computer Society Washington, DC, USA}
}
